<?xml version="1.0" encoding="UTF-8"?><collection xmlns="http://www.loc.gov/MARC21/slim"><record><leader>00642nam--2200193-i-4500</leader><controlfield tag="001">000019527</controlfield><controlfield tag="002">20161230</controlfield><controlfield tag="005">20161230201033</controlfield><controlfield tag="008">060222s1000------------r-----000-0-eng-d</controlfield><datafield ind1=" " ind2=" " tag="040"><subfield code="a">IFIN-HH</subfield></datafield><datafield ind1=" " ind2=" " tag="080"><subfield code="a">530.145.6(042):513.8(042)</subfield></datafield><datafield ind1="1" ind2=" " tag="100"><subfield code="a">Hartkamper, A</subfield></datafield><datafield ind1="1" ind2="0" tag="245"><subfield code="a">Lectures notes in physics. vol. 29: foundations of quantum mechanics and ordered linear spaces. advances study institute marburg 1973</subfield><subfield code="c">A. hartkamper, h. neumann (eds.)</subfield></datafield><datafield ind1=" " ind2=" " tag="260"><subfield code="a">Berlin</subfield><subfield code="b">Springer-verlag</subfield><subfield code="c">1974</subfield></datafield><datafield ind1=" " ind2=" " tag="300"><subfield code="a">VI + 355 P</subfield></datafield><datafield ind1=" " ind2=" " tag="490"><subfield code="a">Lectures Notes In Physics, 29</subfield></datafield><datafield ind1="1" ind2=" " tag="700"><subfield code="a">Neumann,H</subfield><subfield code="e">Ed</subfield></datafield><datafield ind1=" " ind2=" " tag="852"><subfield code="a">33191</subfield><subfield code="c">53</subfield></datafield><datafield ind1=" " ind2=" " tag="CAT"><subfield code="a">Sys</subfield><subfield code="c">20150224</subfield><subfield code="h">103209</subfield></datafield></record></collection>